@misc{sensoy2018evidentialdeeplearningquantify,
      title={Evidential Deep Learning to Quantify Classification Uncertainty}, 
      author={Murat Sensoy and Lance Kaplan and Melih Kandemir},
      year={2018},
      eprint={1806.01768},
      archivePrefix={arXiv},
      primaryClass={cs.LG},
      url={https://arxiv.org/abs/1806.01768}, 
}